%P1
%P8 - SA1
@article{Gonzalez2014,
author = {Gonz\'{a}lez, \'{A}lvaro and Bergasa, Luis M. and Yebes, J. Javier},
journal = {IEEE Transactions on Intelligent Transportation Systems},
number = {1},
pages = {228--238},
title = {{Text detection and recognition on traffic panels from street-level imagery using visual appearance}},
volume = {15},
year = {2014}
}

%P1
@article{Wu2005,
author = {Wu, Wen and Chen, Xilin and Yang, Jie},
journal = {IEEE Transactions on Intelligent Transportation Systems},
number = {4},
pages = {378--390},
title = {{Detection of text on road signs from video}},
volume = {6},
year = {2005}
}

%SC1 - Text for P1
@article{Chen2004,
author = {Chen, Xilin and Yang, Jie and Zhang, Jing and Waibel, Alex},
journal = {IEEE Transactions on Image Processing},
pages = {87--99},
title = {{Automatic detection and recognition of signs from natural scenes.}},
volume = {13},
year = {2004}
}

%P2
@inproceedings{reina2006adaptive,
title={Adaptive traffic road sign panels text extraction},
author={Reina, A V{\'a}zquez and Sastre, RJ L{\'o}pez and Arroyo, S Lafuente and Jim{\'e}nez, P Gil},
booktitle={Proceedings of the 5th WSEAS International Conference on Signal Processing, Robotics and Automation},
pages={295--300},
year={2006},
organization={World Scientific and Engineering Academy and Society (WSEAS)}
}

%P12
@inproceedings{vazquez2006approach,
title={An approach to the recognition of informational traffic signs based on 2-d homography and SVMs},
author={V{\'a}zquez-Reina, Amelio and L{\'o}pez-Sastre, Roberto Javier and Siegmann, Philip and Lafuente-Arroyo, Sergio and G{\'o}mez-Moreno, Hilario},
booktitle={Advanced Concepts for Intelligent Vision Systems},
pages={1163--1173},
year={2006},
volume= {4179}, 
organization={Springer Berlin Heidelberg}
}

%N1
@inproceedings{Gonzalez2009,
author = {Gonz\'{a}lez, \'{A} and Bergasa, L. M. and Gavil\'{a}n, M. and Sotelo, M. A. and Herranz, F. and Fern\'{a}ndez, C.},
booktitle = {12th International IEEE Conference on Intelligent Transportation Systems, Proceedings, ITSC},
pages = {184--189},
title = {{Automatic information extraction of traffic panels based on computer vision}},
year = {2009},
organization={IEEE}
}

%P9
@inproceedings{gonzalez2012text,
title={Text recognition on traffic panels from street-level imagery},
author={Gonz\'{a}lez, \'{A}lvaro and Bergasa, Luis Miguel and Yebes, J Javier and Almazan, Javier},
booktitle={IEEE Intelligent Vehicles Symposium},
pages={340--345},
year={2012},
organization={IEEE}
}

%P5
@inproceedings{gonzalez2013traffic,
title={Traffic panels detection using visual appearance},
author={Gonz{\'a}lez, A and Bergasa, Luis Miguel and Yebes, J Javier and Almazan, Javier},
booktitle={IEEE Intelligent Vehicles Symposium},
pages={1221--1226},
year={2013},
organization={IEEE}
}

%P6 - SA2
@article{Greenhalgh2015,
title={Recognizing text-based traffic signs},
author={Greenhalgh, Jack and Mirmehdi, Majid},
journal={IEEE Transactions on Intelligent Transportation Systems},
volume={16},
number={3},
pages={1360--1369},
year={2015},
publisher={IEEE}
}

@inproceedings{shi1994good,
title={Good features to track},
author={Shi, Jianbo and Tomasi, Carlo},
booktitle={IEEE Computer Society Conference on Computer Vision and Pattern Recognition (CVPR)},
pages={593--600},
year={1994},
organization={IEEE}
}

%Otsu
@article{otsu1975threshold,
 title={A threshold selection method from gray-level histograms},
  author={Otsu, Nobuyuki},
  journal={IEEE Transactions on Systems, Man and Cybernetics},
  volume={9},
  number={1},
  pages={62--66},
  year={1979}
}

@inproceedings{khazaee2016aut,
  title={AUT-UTP: Urban traffic panel detection and recognition dataset},
  author={Khazaee Korghond, Navid and Safabakhsh, Reza},
  booktitle={Electrical Engineering (ICEE), 2016 24th Iranian Conference on},
  pages={1678--1682},
  year={2016},
  organization={IEEE}
}

@ARTICLE{Vahedi87,
	AUTHOR =  {واحدی, مصطفی},
	TITLE =  {درختان پوشای کمینه دورنگی مسطح},
	JOURNAL =  {مجله فارسی نمونه},
	VOLUME =  {1},
	YEAR =  {1387},
	NUMBER =  {2},
	MONTH =  {آبان},
	PAGES =  {22-30},
	LANGUAGE =   {Persian}
}

